<?xml version="1.0" encoding="UTF-8"?><collection xmlns="http://www.loc.gov/MARC21/slim"><record><leader>00453nam--2200133-i-4500</leader><controlfield tag="001">000023968</controlfield><controlfield tag="002">20161230</controlfield><controlfield tag="005">20161230201035</controlfield><controlfield tag="008">060222s1000------------r-----000-0-eng-d</controlfield><datafield ind1=" " ind2=" " tag="080"><subfield code="a">681.327.57:681.586.73:535.215</subfield></datafield><datafield ind1=" " ind2=" " tag="100"><subfield code="a">Hedencourt, L. Et Lilen, H</subfield></datafield><datafield ind1=" " ind2=" " tag="245"><subfield code="a">Opto-electronique. 90 applications voyants, detecteurs coupleurs, afficheurs. collections les meilleurs schemas d`applications</subfield></datafield><datafield ind1=" " ind2=" " tag="260"><subfield code="a">Paris, Editions Radio, 1979, 256p</subfield></datafield><datafield ind1=" " ind2=" " tag="852"><subfield code="a">49020</subfield></datafield></record></collection>